<record><leader>00000cas a22000007a 4500</leader><controlfield tag="001">20499827</controlfield><controlfield tag="008">891017d18761877pr wr ne      0    0spa d</controlfield><datafield ind1=" " ind2=" " tag="010"><subfield code="a">sn 89078362 </subfield></datafield><datafield ind1=" " ind2=" " tag="040"><subfield code="a">PNN</subfield><subfield code="b">eng</subfield><subfield code="c">PNN</subfield><subfield code="d">OCLCQ</subfield></datafield><datafield ind1=" " ind2=" " tag="042"><subfield code="a">msc</subfield></datafield><datafield ind1="0" ind2="3" tag="245"><subfield code="a">El faro de Bayamo&#769;n.</subfield></datafield><datafield ind1=" " ind2=" " tag="260"><subfield code="a">Bayamo&#769;n, P.R. :</subfield><subfield code="b">Imprenta de Gonza&#769;lez y Reguero</subfield></datafield><datafield ind1=" " ind2=" " tag="300"><subfield code="a">v.</subfield></datafield><datafield ind1=" " ind2=" " tag="310"><subfield code="a">Weekly</subfield></datafield><datafield ind1="1" ind2=" " tag="362"><subfield code="a">Began in June 1876; ceased in Mar. 1877.</subfield></datafield><datafield ind1=" " ind2=" " tag="500"><subfield code="a">"Semanario dedicado al fomento de los intereses locales."</subfield></datafield><datafield ind1=" " ind2=" " tag="588"><subfield code="a">Description based on: An&#771;o 1, nu&#769;m. 26 (3 dic. de 1876).</subfield></datafield><datafield ind1=" " ind2=" " tag="752"><subfield code="a">United States</subfield><subfield code="b">Puerto Rico</subfield><subfield code="d">Bayamo&#769;n.</subfield></datafield></record>